@book{gaster2012heterogeneous,
  title={Heterogeneous computing with openCL: revised openCL 1.},
  author={Gaster, Benedict and Howes, Lee and Kaeli, David R and Mistry, Perhaad and Schaa, Dana},
  year={2012},
  publisher={Newnes}
}

@article{ashtari2015double,
  title={Double line image rotation},
  author={Ashtari, Amir Hossein and Nordin, Md Jan and Kahaki, Seyed Mostafa Mousavi},
  journal={IEEE Transactions on Image Processing},
  volume={24},
  number={11},
  pages={3370--3385},
  year={2015},
  publisher={IEEE}
}

@article{park2009accurate,
  title={Accurate image rotation using Hermite expansions},
  author={Park, Wooram and Leibon, Gregory and Rockmore, Daniel N and Chirikjian, Gregory S},
  journal={IEEE Transactions on Image Processing},
  volume={18},
  number={9},
  pages={1988--2003},
  year={2009},
  publisher={IEEE}
}

@article{kwon2016study,
  title={A Study on High Speed Image Rotation Algorithm using CUDA},
  author={Kwon, Hee-Choul and Cho, Hyung-Jin and Kwon, Hee-Yong},
  journal={The Journal of the Institute of Internet, Broadcasting and Communication},
  volume={16},
  number={5},
  pages={1--6},
  year={2016},
  publisher={The Institute of Internet, Broadcasting and Communication}
}

@article{evans2001rotations,
  title={Rotations and rotation matrices},
  author={Evans, Philip R},
  journal={Acta Crystallographica Section D: Biological Crystallography},
  volume={57},
  number={10},
  pages={1355--1359},
  year={2001},
  publisher={International Union of Crystallography}
}
